<?xml version="1.0" encoding="UTF-8"?><collection xmlns="http://www.loc.gov/MARC21/slim"><record><leader>00524nam--2200181-i-4500</leader><controlfield tag="001">000019734</controlfield><controlfield tag="002">20161230</controlfield><controlfield tag="005">20161230201033</controlfield><controlfield tag="008">060222s1000------------r-----000-0-eng-d</controlfield><datafield ind1=" " ind2=" " tag="040"><subfield code="a">IFIN-HH</subfield></datafield><datafield ind1=" " ind2=" " tag="080"><subfield code="a">538.971:537.35</subfield></datafield><datafield ind1="1" ind2=" " tag="100"><subfield code="a">Ibach, Harald</subfield></datafield><datafield ind1="1" ind2="0" tag="245"><subfield code="a">Electron spectroscopy for surface analysis. topics in current physics, 4</subfield><subfield code="c">Harald ibach (ed.)</subfield></datafield><datafield ind1=" " ind2=" " tag="260"><subfield code="a">Berlin</subfield><subfield code="b">Springer-verlag</subfield><subfield code="c">1977</subfield></datafield><datafield ind1=" " ind2=" " tag="300"><subfield code="a">X + 255 P</subfield></datafield><datafield ind1=" " ind2=" " tag="490"><subfield code="a">Topics In Current Physics, 4</subfield></datafield><datafield ind1=" " ind2=" " tag="852"><subfield code="a">45849</subfield><subfield code="c">53</subfield></datafield><datafield ind1=" " ind2=" " tag="CAT"><subfield code="a">Sys</subfield><subfield code="c">20150324</subfield><subfield code="h">124536</subfield></datafield></record></collection>